@article{mq_nmr_experiment,
author = {Baum,J.  and Munowitz,M.  and Garroway,A. N.  and Pines,A. },
title = {Multiple‐quantum dynamics in solid state NMR},
journal = {The Journal of Chemical Physics},
volume = {83},
number = {5},
pages = {2015-2025},
year = {1985},
doi = {10.1063/1.449344},
URL = {https://doi.org/10.1063/1.449344}
}

@article{spin_distribution_in_liquid_system,
author = {Baum\;, J. and Pines, A.},
title = {NMR studies of clustering in solids},
journal = {Journal of the American Chemical Society},
volume = {108},
number = {24},
pages = {7447-7454},
year = {1986},
doi = {10.1021/ja00284a001},
URL = {https://doi.org/10.1021/ja00284a001}
}

@article{spin_distribution_in_silicon,
  title = {Multiple-Quantum NMR Study of Clustering in Hydrogenated Amorphous Silicon},
  author = {Baum, J. and Gleason, K. K. and Pines, A. and Garroway, A. N. and Reimer, J. A.},
  journal = {Phys. Rev. Lett.},
  volume = {56},
  issue = {13},
  pages = {1377--1380},
  numpages = {0},
  year = {1986},
  month = {Mar},
  publisher = {American Physical Society},
  doi = {10.1103/PhysRevLett.56.1377},
  url = {https://link.aps.org/doi/10.1103/PhysRevLett.56.1377}
}

@article{decoherence_register,
  title = {Scaling of Decoherence in Wide NMR Quantum Registers},
  author = {Krojanski\; , Hans Georg and Suter, Dieter},
  journal = {Phys. Rev. Lett.},
  volume = {93},
  issue = {9},
  pages = {090501},
  numpages = {4},
  year = {2004},
  month = {Aug},
  publisher = {American Physical Society},
  doi = {10.1103/PhysRevLett.93.090501}
}

@article{decoherence_ca_f2,
  title = {Decay of highly correlated spin states in a dipolar-coupled solid: NMR study of $\mathrm{Ca}{\mathrm{F}}_{2}$},
  author = {Cho, HyungJoon and Cappellaro, Paola and Cory, David G. and Ramanathan, Chandrasekhar},
  journal = {Phys. Rev. B},
  volume = {74},
  issue = {22},
  pages = {224434},
  numpages = {7},
  year = {2006},
  month = {Dec},
  publisher = {American Physical Society},
  doi = {10.1103/PhysRevB.74.224434},
  url = {https://link.aps.org/doi/10.1103/PhysRevB.74.224434}
}

@Article{lab:decoherence_2018,
author="Bochkin, G. A. 
and Fel'dman, E. B. 
and Vasil'ev, S. G. 
and Volkov, V. I.",
title="Dipolar Relaxation of Multiple Quantum NMR Coherences as a Model of Decoherence of Many-Qubit Coherent Clusters",
journal="Applied Magnetic Resonance",
year="2018",
month="Jan",
day="01",
volume="49",
number="1",
pages="25--34",
issn="1613-7507",
doi="10.1007/s00723-017-0925-6",
url="https://doi.org/10.1007/s00723-017-0925-6"
}


@article{decoherence_under_dq,
  title = {Clustering and decoherence of correlated spins under double quantum dynamics},
  author = {S\'anchez, Claudia M. and Acosta, Rodolfo H. and Levstein, Patricia R. and Pastawski, Horacio M. and Chattah, Ana K.},
  journal = {Phys. Rev. A},
  volume = {90},
  issue = {4},
  pages = {042122},
  numpages = {8},
  year = {2014},
  month = {Oct},
  publisher = {American Physical Society},
  doi = {10.1103/PhysRevA.90.042122},
  url = {https://link.aps.org/doi/10.1103/PhysRevA.90.042122}
}

@article{nmr_dyn,
author = {Munowitz, Michael  and Pines, Alexander  and Mehring, Michael },
title = {Multiple‐quantum dynamics in NMR: A directed walk through Liouville space},
journal = {The Journal of Chemical Physics},
volume = {86},
number = {6},
pages = {3172-3182},
year = {1987},
doi = {10.1063/1.452028},

URL = {https://doi.org/10.1063/1.452028}
}

@article{loc_deloc_nmr_dyn,
	author = {{\'A}lvarez, Gonzalo A. and Suter, Dieter and Kaiser, Robin},
	title = {Localization-delocalization transition in the dynamics of dipolar-coupled nuclear spins},
	volume = {349},
	number = {6250},
	pages = {846--848},
	year = {2015},
	doi = {10.1126/science.1261160},
	publisher = {American Association for the Advancement of Science},
	issn = {0036-8075},
	URL = {https://science.sciencemag.org/content/349/6250/846},
	journal = {Science}
}

@article{loc_in_chain,
  title = {Exploring Localization in Nuclear Spin Chains},
  author = {Wei, Ken Xuan and Ramanathan, Chandrasekhar and Cappellaro, Paola},
  journal = {Phys. Rev. Lett.},
  volume = {120},
  issue = {7},
  pages = {070501},
  numpages = {6},
  year = {2018},
  month = {Feb},
  publisher = {American Physical Society},
  doi = {10.1103/PhysRevLett.120.070501},
  url = {https://link.aps.org/doi/10.1103/PhysRevLett.120.070501}
}

@article{lab:entanglement_dyn_2003,
  title = {Multiple quantum spin dynamics of entanglement},
  author = {Doronin, Serge I.},
  journal = {Phys. Rev. A},
  volume = {68},
  issue = {5},
  pages = {052306},
  numpages = {7},
  year = {2003},
  month = {Nov},
  publisher = {American Physical Society},
  doi = {10.1103/PhysRevA.68.052306},
  url = {https://link.aps.org/doi/10.1103/PhysRevA.68.052306}
}

@article{entanglement_dyn,
  title = {Multiple quantum NMR and entanglement dynamics in dipolar coupling spin systems},
  author = {Furman, G. B. and Meerovich, V. M. and Sokolovsky, V. L.},
  journal = {Phys. Rev. A},
  volume = {78},
  issue = {4},
  pages = {042301},
  numpages = {4},
  year = {2008},
  month = {Oct},
  publisher = {American Physical Society},
  doi = {10.1103/PhysRevA.78.042301},
  url = {https://link.aps.org/doi/10.1103/PhysRevA.78.042301}
}

@Article{nuclear_polarization_and_entanglement,
author="Furman, G. B.
and Meerovich, V. M.
and Sokolovsky, V. L.",
title="Nuclear polarization and entanglement in spin systems",
journal="Quantum Information Processing",
year="2009",
month="Aug",
day="01",
volume="8",
number="4",
pages="283--291",
issn="1573-1332",
doi="10.1007/s11128-009-0103-3",
url="https://doi.org/10.1007/s11128-009-0103-3"
}

@article{sep_of_mixed_states,
title = "Separability of mixed states: necessary and sufficient conditions",
journal = "Physics Letters A",
volume = "223",
number = "1",
pages = "1 - 8",
year = "1996",
issn = "0375-9601",
doi = "https://doi.org/10.1016/S0375-9601(96)00706-2",
url = "http://www.sciencedirect.com/science/article/pii/S0375960196007062",
author = "Michał Horodecki and Paweł Horodecki and Ryszard Horodecki",
}

@Article{lab:entanglement_witness_nmr_2008,
author="Fel'dman\; , E. B. and Pyrkov, A. N.",
title="Evolution of spin entanglement and an entanglement witness in multiple-quantum NMR experiments",
journal="JETP Letters",
year="2008",
month="Nov",
day="01",
volume="88",
number="6",
pages="398--401",
issn="1090-6487",
doi="10.1134/S0021364008180124",
url="https://doi.org/10.1134/S0021364008180124"
}

@article{lab:mq_mnr_qinfo_2012,
author = {E. B. Fel'dman  and A. N. Pyrkov  and A. I. Zenchuk },
title = {Solid-state multiple quantum NMR in quantum information processing: exactly solvable models},
journal = {Philosophical Transactions of the Royal Society A: Mathematical, Physical and Engineering Sciences},
volume = {370},
number = {1976},
pages = {4690-4712},
year = {2012},
doi = {10.1098/rsta.2011.0499},

URL = {https://royalsocietypublishing.org/doi/abs/10.1098/rsta.2011.0499}
}

@article{otoc_to_enanglement_via_mqcoh,
  title = {Relating Out-of-Time-Order Correlations to Entanglement via Multiple-Quantum Coherences},
  author = {G\"arttner, Martin and Hauke, Philipp and Rey, Ana Maria},
  journal = {Phys. Rev. Lett.},
  volume = {120},
  issue = {4},
  pages = {040402},
  numpages = {6},
  year = {2018},
  month = {Jan},
  publisher = {American Physical Society},
  doi = {10.1103/PhysRevLett.120.040402},
  url = {https://link.aps.org/doi/10.1103/PhysRevLett.120.040402}
}

@article{qmetrology_for_qinfo,
	doi = {10.1088/1751-8113/47/42/424006},
	url = {https://doi.org/10.1088\%2F1751-8113\%2F47\%2F42\%2F424006},
	year = 2014,
	month = {oct},
	publisher = {{IOP} Publishing},
	volume = {47},
	number = {42},
	pages = {424006},
	author = {G{\'{e}}za T{\'{o}}th and Iagoba Apellaniz},
	title = {Quantum metrology from a quantum information science perspective},
	journal = {Journal of Physics A: Mathematical and Theoretical},
}

@article{qmetrology_nonclassiscal_state,
  title = {Quantum metrology with nonclassical states of atomic ensembles},
  author = {Pezz\`e, Luca and Smerzi, Augusto and Oberthaler, Markus K. and Schmied, Roman and Treutlein, Philipp},
  journal = {Rev. Mod. Phys.},
  volume = {90},
  issue = {3},
  pages = {035005},
  numpages = {70},
  year = {2018},
  month = {Sep},
  publisher = {American Physical Society},
  doi = {10.1103/RevModPhys.90.035005},
  url = {https://link.aps.org/doi/10.1103/RevModPhys.90.035005}
}

@article{fisher_and_entanglement,
  title = {Fisher information and multiparticle entanglement},
  author = {Hyllus, Philipp and Laskowski, Wies\l{}aw and Krischek, Roland and Schwemmer, Christian and Wieczorek, Witlef and Weinfurter, Harald and Pezz\'e, Luca and Smerzi, Augusto},
  journal = {Phys. Rev. A},
  volume = {85},
  issue = {2},
  pages = {022321},
  numpages = {10},
  year = {2012},
  month = {Feb},
  publisher = {American Physical Society},
  doi = {10.1103/PhysRevA.85.022321},
  url = {https://link.aps.org/doi/10.1103/PhysRevA.85.022321}
}

@article{lab:nmr_dyn_1996,
title = "Multiple quantum NMR spin dynamics in one-dimensional quantum spin chains",
journal = "Chemical Physics Letters",
volume = "253",
number = "1",
pages = "27 - 31",
year = "1996",
issn = "0009-2614",
doi = "https://doi.org/10.1016/0009-2614(96)00239-4",
url = "http://www.sciencedirect.com/science/article/pii/0009261496002394",
author = "Edward B. Fel'dman\; and Serge Lacelle",
}


@article{lab:mq_nmr_in_chain_1997,
author = {Fel'dman\; ,Edward B. and Lacelle,Serge },
title = {Multiple quantum nuclear magnetic resonance in one-dimensional quantum spin chains},
journal = {The Journal of Chemical Physics},
volume = {107},
number = {18},
pages = {7067-7084},
year = {1997},
doi = {10.1063/1.474949},

URL = {https://doi.org/10.1063/1.474949}
}

@Article{lab:mq_dyn_of_chain_in_solid_2000,
author="Doronin, S. I. and Maksimov, I. I. and Fel'dman, E. B.",
title="Multiple-quantum dynamics of one-dimensional nuclear spin systems in solids",
journal="Journal of Experimental and Theoretical Physics",
year="2000",
month="Sep",
day="01",
volume="91",
number="3",
pages="597--609",
issn="1090-6509",
doi="10.1134/1.1320096",
url="https://doi.org/10.1134/1.1320096"
}

@article {nanopore_model,
	author = {Baugh, Jonathan and Kleinhammes, Alfred and Han, Daxing and Wang, Qi and Wu, Yue},
	title = {Confinement Effect on Dipole-Dipole Interactions in Nanofluids},
	volume = {294},
	number = {5546},
	pages = {1505--1507},
	year = {2001},
	doi = {10.1126/science.1065373},
	publisher = {American Association for the Advancement of Science},
	issn = {0036-8075},
	URL = {https://science.sciencemag.org/content/294/5546/1505},
	journal = {Science}
}

@Article{lab:depolar_in_nanocavities_2004,
author="Fel'dman\; , E. B. and Rudavets, M. G.",
title="Nonergodic nuclear depolarization in nanocavities",
journal="Journal of Experimental and Theoretical Physics",
year="2004",
month="Feb",
day="01",
volume="98",
number="2",
pages="207--219",
issn="1090-6509",
doi="10.1134/1.1675888",
url="https://doi.org/10.1134/1.1675888"
}

@article{lab:mq_nmr_dyn_in_nanopores_2009,
author = {Doronin,S. I. and Fedorova,A. V.  and Fel'dman,E. B.  and Zenchuk,A. I. },
title = {Multiple quantum NMR dynamics of spin-12 carrying molecules of a gas in nanopores},
journal = {The Journal of Chemical Physics},
volume = {131},
number = {10},
pages = {104109},
year = {2009},
doi = {10.1063/1.3231692},

URL = {https://aip.scitation.org/doi/abs/10.1063/1.3231692}
}

@BOOK {Goldman,
  author = {Goldman, M.},
  title = {Spin temperature and nuclear magnetic resonance in solids},
  year = 1970,
  publisher = {Oxford: Clarendon Press.},
}

@article{lab:low_temp_dyn_1997,
author = {Fel'dman\; ,Edward B.  and Lacelle,Serge },
title = {Low temperature multiple quantum nuclear magnetic resonance spin dynamics in one-dimensional quantum spin chains},
journal = {The Journal of Chemical Physics},
volume = {106},
number = {16},
pages = {6768-6770},
year = {1997},
doi = {10.1063/1.473660},

URL = {https://doi.org/10.1063/1.473660}
}

@BOOK {Landau,
  author = {Landau\; , L.D. and  Lifshitz, E. M.},
  title = {Quantum Mechanics: Non-Relativistic Theory},
  year = 1977,
  publisher = {Pergamon},
}

@article{growrh_of_mqcoh,
title = "Growth of NMR multiple-quantum coherences in quasi-one-dimensional systems",
journal = "Chemical Physics Letters",
volume = "274",
number = "1",
pages = "217 - 220",
year = "1997",
issn = "0009-2614",
doi = "https://doi.org/10.1016/S0009-2614(97)00661-1",
author = "A.K. Khitrin"
}

@article{HOU2017863,
title = "Experimental quantum Hamiltonian identification from measurement time traces",
journal = "Science Bulletin",
volume = "62",
number = "12",
pages = "863 - 868",
year = "2017",
issn = "2095-9273",
doi = "https://doi.org/10.1016/j.scib.2017.05.013",
url = "http://www.sciencedirect.com/science/article/pii/S2095927317302554",
author = "Shi-Yao Hou and Hang Li and Gui-Lu Long",
keywords = "Quantum information, Hamiltonian identification, Measurement time traces, Experimental realization, Nuclear magnetic resonance"
}